@article{Schultheiss2014,
    title = {{Automated detection and evaluation of swallowing using a combined emg/bioimpedance measurement system}},
    year = {2014},
    journal = {Scientific World Journal},
    author = {Schultheiss, Corinna and Schauer, Thomas and Nahrstaedt, Holger and Seidl, Rainer O.},
    volume = {2014},
    isbn = {1537-744X (Electronic){\textbackslash}r1537-744X (Linking)},
    doi = {10.1155/2014/405471},
    issn = {1537744X},
    pmid = {25121119}
}

@article{Kelly2006,
    title = {{Fibreoptic endoscopic evaluation of swallowing and videofluoroscopy: Does examination type influence perception of pharyngeal residue severity?}},
    year = {2006},
    journal = {Clinical Otolaryngology},
    author = {Kelly, A. M. and Leslie, P. and Beale, T. and Payten, C. and Drinnan, M. J.},
    number = {5},
    pages = {425--432},
    volume = {31},
    isbn = {1749-4478},
    doi = {10.1111/j.1749-4486.2006.01292.x},
    issn = {17494478},
    pmid = {17014453}
}

@techreport{ChristensenElisabethLundbakStrand2017,
    title = {{Bachelor project: Swallows, Et System til Screening og Monitorering af Dysfagi.}},
    year = {2017},
    author = {Christensen, Elisabeth; Lundbak Strand, Mette}
}

@article{Aroom2009,
    title = {{Bioimpedance Analysis: A Guide to Simple Design and Implementation}},
    year = {2009},
    journal = {Journal of Surgical Research},
    author = {Aroom, Kevin R. and Harting, Matthew T. and Cox, Charles S. and Radharkrishnan, Ravi S. and Smith, Carter and Gill, Brijesh S.},
    isbn = {2122633255},
    doi = {10.1016/j.jss.2008.04.019},
    issn = {00224804},
    pmid = {18805550},
    arxivId = {NIHMS150003},
    keywords = {Bioimpedance, Current source, Design, Instrumentation}
}

@article{IngenirhjskolenAarhusUniversitet,
    title = {{Vejledning til udviklingsprocessen for projekt 2}},
    author = {{Ingeni{\o}rh{\o}jskolen Aarhus Universitet}}
}

@inproceedings{Nahrstaedt2012SwallowMeasurements,
    title = {{Swallow detection algorithm based on bioimpedance and EMG measurements}},
    year = {2012},
    booktitle = {IFAC Proceedings Volumes (IFAC-PapersOnline)},
    author = {Nahrstaedt, H. and Schultheiss, C. and Seidl, R. O. and Schauer, T.},
    isbn = {9783902823106},
    doi = {10.3182/20120829-3-HU-2029.00067},
    issn = {14746670},
    keywords = {Classification, Detection algorithms, Medical systems, Signal processing, Signal-processing algorithms, Time-series analysis}
}

@article{SchultheissEMG/Bioimpedance-TriggeredPerformance,
    title = {{EMG/Bioimpedance-Triggered FES for Swallowing Efficacy of EMG/Bioimpedance-Triggered Functional Electrical Stimulation on Swallowing Performance}},
    journal = {Eur J Transl Myol},
    author = {Schultheiss, Corinna and Schauer, Thomas and Nahrstaedt, Holger and Seidl, Rainer O and Bieler, Jehoschua},
    number = {264},
    pages = {283--286},
    volume = {26},
    keywords = {bioimpedance, dysphagia, electromyography, rehabilitation, triggered functional electrical stimulation}
}

@article{Schultheiss2013EvaluationSwallowing,
    title = {{Evaluation of an EMG bioimpedance measurement system for recording and analysing the pharyngeal phase of swallowing}},
    year = {2013},
    journal = {European Archives of Oto-Rhino-Laryngology},
    author = {Schultheiss, Corinna and Schauer, Thomas and Nahrstaedt, Holger and Seidl, Rainer O.},
    isbn = {1434-4726 (Electronic){\textbackslash}r0937-4477 (Linking)},
    doi = {10.1007/s00405-013-2406-3},
    issn = {09374477},
    pmid = {23440435},
    keywords = {Bioimpedance, Diagnosis, Dysphagia, EMG, Pharyngeal phase of swallowing}
}

@article{ChesterElectricalVisualisation,
    title = {{Electrical bioimpedance measurement as a tool for dysphagia visualisation}},
    author = {Chester, Chris J and Gaynor, Paul T and Jones, Richard D and Huckabee, Maggie-Lee},
    doi = {10.1049/htl.2014.0067}
}

@article{Bass1992Dysphagia:Management,
    title = {{Dysphagia: diagnosis and management}},
    year = {1992},
    journal = {Dysphagia: diagnosis and management},
    author = {Bass, N H and Morrell, R M and Groher, M E},
    publisher = {Butterworth-Heinemann Boston}
}

@book{Webster2009MedicalDesign,
    title = {{Medical instrumentation: application and design}},
    year = {2009},
    author = {Webster, John},
    publisher = {John Wiley {\&} Sons},
    isbn = {8126511060}
}

@book{Lyons2004Understanding3/E,
    title = {{Understanding Digital Signal Processing, 3/E}},
    year = {2004},
    author = {Lyons, Richard G},
    publisher = {Pearson Education India},
    isbn = {8131764362}
}

@book{Thomas2011TheCircuits,
    title = {{The analysis and design of linear circuits}},
    year = {2011},
    author = {Thomas, Roland E and Rosa, Albert J and Toussaint, Gregory J},
    publisher = {Wiley Publishing},
    isbn = {1118065581}
}

@book{Sand2008MennesketsFysiologi,
    title = {{Menneskets anatomi og fysiologi}},
    year = {2008},
    author = {Sand, Olav and Sjaastad, Øjstein V and Haug, Egil and Bj{\aa}lie, Jan G},
    publisher = {Gad},
    isbn = {8712042986}
}

@article{Kjaersgaard2013DifficultiesPerspective,
    title = {{Difficulties in swallowing and eating following acquired brain injury ‐ From a professional and a patient perspective}},
    year = {2013},
    author = {Kjaersgaard, Annette},
    url = {http://www.hospitalsenhedmidt.dk/siteassets/hammel-neurocenter/artikler-forskningsenheden/personlige-publikationer/ak-thesis-180213-_3_.pdf}
}

@misc{Sundhedsstyrelsen2015NationalDysfagi,
    title = {{National klinisk retningslinje for {\o}vre dysfagi}},
    year = {2015},
    booktitle = {Sundhedsstyrelsen},
    author = {{Sundhedsstyrelsen}},
    pages = {78},
    url = {http://sundhedsstyrelsen.dk/~/media/7E4C638B32204D5F97BCB9805D12C32F.ashx},
    howpublished = {http://sundhedsstyrelsen.dk/media/7E4C638B32204D5F97BCB9805D12C32F.ashx}
}

@article{afLambertsenKMDKock-JensenCMDKjrsgaardAMScOTHansenTSMsci/MPHWestergaardLMD2007ModificeretIndex,
    title = {{Modificeret udgave af Der Berliner Dysphagia Index}},
    year = {2007},
    author = {af Lambertsen K MD, Kock-Jensen C MD, Kj{\ae}rsgaard A, MScOT, Hansen TS, Msci/MPH, Westergaard L, MD, 2007}
}

@misc{Kjrsgaard2005AnsigtSvlg,
    title = {{Ansigt, mund og sv{\ae}lg}},
    year = {2005},
    author = {Kj{\ae}rsgaard, Annette},
    publisher = {Munksgaard Danmark},
    url = {http://munks.gyldendal-uddannelse.dk/Books/Ergo-_og_fysioterapi/Ergoterapi/9788777493904},
    isbn = {8777493907}
}

@article{SallyRefsgaardTinesterbyKristensen2015DysfagiKommune,
    title = {{Dysfagi Tygge- og synkebesv{\ae}r - Silkeborg kommune}},
    year = {2015},
    author = {Sally Refsgaard, Tine, {\O}sterby Kristensen, Susanne and og Torp Olesen, Kristina}
}

@article{DetTrivsel,
    title = {{Det betaler sig at satse p{\aa} trivsel}}
}

@article{SkemaSvlg,
    title = {{Skema 1 - Unders{\o}gelse af ansigt mund og sv{\ae}lg}}
}

@article{KjaersgaardPh.d.studerendeDYSFAGIKonsekvenser,
    title = {{DYSFAGI -baggrund, forekomst og konsekvenser}},
    author = {Kjaersgaard Ph.d. studerende, Annette and Forskningsinitiativerne for Rehabilitering og Aktivitetsstudier, Ergoterapeut and Universitet Tilknyttet Regionshospitalet Hammel Neurocenter Hammel Neurocenter, Syddansk}
}

@article{IntroductionCompendium,
    title = {{Introduction to System Engineering Compendium}}
}

@article{IngenirhjskolenAarhusUniversitetDevelopmentASE,
    title = {{Development Processes ASE}},
    author = {{Ingeni{\o}rh{\o}jskolen Aarhus Universitet}}
}

@article{Bommersholdt2012TemarapportDysfagi,
    title = {{Temarapport om dysfagi}},
    year = {2012},
    journal = {15 Juni},
    author = {Bommersholdt, Martin. and {Patientombuddets l{\ae}ringsenhed} and Bennett, Maja.},
    url = {http://stps.dk/da/udgivelser/2012/~/media/52FE3D72FAEC4C0888B003D6522A9C53.ashx}
}

@article{Chester2014Electrical-ImpedanceRehabilitation,
    title = {{Electrical-Impedance Biofeedback Instrument for Swallowing Rehabilitation}},
    year = {2014},
    author = {Chester, Christopher J}
}

@article{McCullough2001Inter-Measures,
    title = {{Inter- and intrajudge reliability for videofluoroscopic swallowing evaluation measures}},
    year = {2001},
    journal = {Dysphagia},
    author = {McCullough, Gary H. and Wertz, Robert T. and Rosenbek, John C. and Mills, Russell H. and Webb, Wanda G. and Ross, Katherine B.},
    number = {2},
    pages = {110--118},
    volume = {16},
    isbn = {0179-051X (Print){\textbackslash}n0179-051X (Linking)},
    doi = {10.1007/s004550010004},
    issn = {0179051X},
    pmid = {11305220},
    keywords = {Adults, Deglutition, Deglutition disorders, Dysphagia, Reliability, Videofluoroscopy}
}

@article{Foreningenafkliniskeditister2013DITISTENDysfagi,
    title = {{DI{\AE}TISTEN, Tema Dysfagi}},
    year = {2013},
    journal = {Foreningen af kliniske di{\ae}tister},
    author = {{Foreningen af kliniske di{\ae}tister}},
    number = {125}
}

@misc{NielsenUsabilityUsability,
    title = {{Usability 101: Introduction to usability}},
    author = {Nielsen, Jakob},
    howpublished = {https://www.nngroup.com/articles/usability-101-introduction-to-usability/ Date Accessed 2017-09-28}
}